@website{TCO,
    title={{W}hat is tail call optimisation?},
    url={https://stackoverflow.com/questions/310974/what-is-tail-call-optimization},
    author={Kyle Cronin},
    year={2008}
}
@website{Desugar,
    title={{D}esugaring - taking our high-level language and simplifying it!},
    url={https://mukulrathi.com/create-your-own-programming-language/lower-language-constructs-to-llvm/},
    author={Mukul Rathi},
    year={2020}
}
@website{ClosureConversion,
    title={{C}losure conversion: {H}ow to compile lambda},
    url={https://matt.might.net/articles/closure-conversion/},
    author={Matt Might}
}

